@article{mejias2019datafication,
  title={Datafication},
  author={Mejias, Ulises A and Couldry, Nick},
  journal={Internet Policy Review},
  volume={8},
  number={4},
  year={2019}
}
@inproceedings{skendzic2012microsoft,
  title={Microsoft office 365-cloud in business environment},
  author={Skendzic, Aleksandar and Kovacic, Bozidar},
  booktitle={2012 Proceedings of the 35th International Convention MIPRO},
  pages={1434--1439},
  year={2012},
  organization={IEEE}
}
@article{kim2017analysis,
  title={Analysis of the determinants of software-as-a-service adoption in small businesses: Risks, benefits, and organizational and environmental factors},
  author={Kim, Sung Hyun and Jang, Si Young and Yang, Kyung Hoon},
  journal={Journal of Small Business Management},
  volume={55},
  number={2},
  pages={303--325},
  year={2017},
  publisher={Taylor \& Francis}
}
